@article{crevier95,
    title = {Daniel Crevier. AI: The tumultuous history of the search for artificial intelligence. NY: Basic Books, 1993. 432 pp. (Reviewed by Charles Fair)},
    journal = {Journal of the History of the Behavioral Sciences},
    volume = {31},
    number = {3},
    pages = {273-278},
    doi = {https://doi.org/10.1002/1520-6696(199507)31:3<273::AID-JHBS2300310314>3.0.CO;2-1},
    url = {https://onlinelibrary.wiley.com/doi/abs/10.1002/1520-6696%28199507%2931%3A3%3C273%3A%3AAID-JHBS2300310314%3E3.0.CO%3B2-1},
    eprint = {https://onlinelibrary.wiley.com/doi/pdf/10.1002/1520-6696%28199507%2931%3A3%3C273%3A%3AAID-JHBS2300310314%3E3.0.CO%3B2-1},
    year = {1995}
}


@article{turing50,
    author = {TURING, A. M.},
    title = "{I.—COMPUTING MACHINERY AND INTELLIGENCE}",
    journal = {Mind},
    volume = {LIX},
    number = {236},
    pages = {433-460},
    year = {1950},
    month = {10},
    issn = {0026-4423},
    doi = {10.1093/mind/LIX.236.433},
    url = {https://doi.org/10.1093/mind/LIX.236.433},
    eprint = {https://academic.oup.com/mind/article-pdf/LIX/236/433/30123314/lix-236-433.pdf},
}


@book{mccorduck79,
    author = {McCorduck, Pamela},
    title = {Machines Who Think},
    year = {1979},
    isbn = {0716710722},
    publisher = {W. H. Freeman and Co.},
    address = {USA}
}


@inproceedings{luong15,
    title = "Effective Approaches to Attention-based Neural Machine Translation",
    author = "Luong, Thang  and
      Pham, Hieu  and
      Manning, Christopher D.",
    booktitle = "Proceedings of the 2015 Conference on Empirical Methods in Natural Language Processing",
    month = "9",
    year = "2015",
    address = "Lisbon, Portugal",
    publisher = "Association for Computational Linguistics",
    url = "https://www.aclweb.org/anthology/D15-1166",
    doi = "10.18653/v1/D15-1166",
    pages = "1412--1421",
}


@misc{bahdanau16,
      title={Neural Machine Translation by Jointly Learning to Align and Translate}, 
      author={Dzmitry Bahdanau and Kyunghyun Cho and Yoshua Bengio},
      year={2016},
      eprint={1409.0473},
      archivePrefix={arXiv},
      primaryClass={cs.CL}
}


@article{vaswani17,
  author    = {Ashish Vaswani and
               Noam Shazeer and
               Niki Parmar and
               Jakob Uszkoreit and
               Llion Jones and
               Aidan N. Gomez and
               Lukasz Kaiser and
               Illia Polosukhin},
  title     = {Attention Is All You Need},
  journal   = {CoRR},
  volume    = {abs/1706.03762},
  year      = {2017},
  url       = {http://arxiv.org/abs/1706.03762},
  archivePrefix = {arXiv},
  eprint    = {1706.03762},
  timestamp = {Sat, 23 Jan 2021 01:20:40 +0100},
  biburl    = {https://dblp.org/rec/journals/corr/VaswaniSPUJGKP17.bib},
  bibsource = {dblp computer science bibliography, https://dblp.org}
}


@online{rahmfeld19,
    title = "Recent Advances in Natural Language Processing",
    author = "Joachim Rahmfeld",
    url = "https://venturebeat.com/2021/01/06/ai-models-from-microsoft-and-google-already-surpass-human-performance-on-the-superglue-language-benchmark/",
    month = "9",
    year = "2019",
    addendum = "Último acceso: 26/01/2020."
}


@online{macaulay20,
    title = "Someone let a GPT-3 bot loose on Reddit — it didn’t end well",
    author = "Thomas Macaulay",
    url = "https://thenextweb.com/neural/2020/10/07/someone-let-a-gpt-3-bot-loose-on-reddit-it-didnt-end-well",
    month = "10",
    year = "2020",
    addendum = "Último acceso: 26/01/2020."
}


@online{wiggers21,
    title = "AI models from Microsoft and Google already surpass human performance on the SuperGLUE language benchmark",
    author = "Kyle Wiggers",
    url = "https://venturebeat.com/2021/01/06/ai-models-from-microsoft-and-google-already-surpass-human-performance-on-the-superglue-language-benchmark/",
    month = "1",
    year = "2021",
    addendum = "Último acceso: 26/01/2020."
}


@online{cloudNL,
    title = "Cloud Natural Language",
    author = "Google",
    url = "https://cloud.google.com/natural-language",
    addendum = "Último acceso: 26/01/2020."
}


@online{watson,
    title = "Watson",
    author = "IBM",
    url = "https://www.ibm.com/watson/about",
    addendum = "Último acceso: 26/01/2020."
}


@online{comprehend,
    title = "Comprehend",
    author = "Amazon",
    url = "https://aws.amazon.com/es/comprehend",
    addendum = "Último acceso: 26/01/2020."
}


@online{textAnalytics,
    title = "Text Analytics",
    author = "Microsoft",
    url = "https://azure.microsoft.com/es-es/services/cognitive-services/text-analytics",
    addendum = "Último acceso: 26/01/2020."
}


@online{raconteur19,
    title = "A Day in Data",
    author = "Raconteur",
    url = "https://www.raconteur.net/infographics/a-day-in-data/",
    year = "2019",
    addendum = "Último acceso: 26/01/2020."
}
