@online{transformers,
    title = "Transformers",
    author = "Hugging Face",
    url = "https://huggingface.co/transformers/index.html",
    year = "2020",
    month = "09",
    addendum = "Último acceso: 08/02/2021."
}

@online{ingress,
    title = "Ingress",
    author = "Kubernetes",
    url = "https://kubernetes.io/docs/concepts/services-networking/ingress",
    year = "2021",
    month = "02",
    addendum = "Último acceso: 08/02/2021."
}


@online{gke,
    title = "Google Kubernetes Engine (GKE)",
    author = "Google Cloud",
    url = "https://cloud.google.com/kubernetes-engine",
    year = "2020",
    month = "10",
    addendum = "Último acceso: 08/02/2021."
}


@online{flutter-es,
    title = "Flutter - Hermosas apps nativas en tiempo record",
    author = "Flutter",
    url = "https://esflutter.dev",
    month = "09",
    year = "2020",
    addendum = "Último acceso: 08/02/2021."
}


@book{anderson10,
    author = {David J. Anderson},
    title = {Kanban: Successful Evolutionary Change for Your Technology Business},
    year = {2010},
    month = {04},
    isbn = {0984521402},
    publisher = {Blue Hole Press}
}


@book{perez18,
    author = {Juan Antonio Pérez López},
    title = {Fundamentos de la dirección de empresas},
    year = {2018},
    month = {04},
    isbn = {9788432149184},
    publisher = {RIALP}
}


@online{irpf21,
    title = "Cuadro informativo tipos de retención aplicables",
    author = "Agencia Tributaria",
    url = "https://www.agenciatributaria.es/static_files/Sede/Programas_ayuda/Retenciones/2021/CUADRO_TIPOS_RETENC_IRPF21.doc",
    year = "2021",
    addendum = "Último acceso: 08/02/2021."
}


@online{boe341,
    title = "Boletín Oficial del Estado, Núm. 341",
    author = "Agencia Estatal Boletín Oficial del Estado",
    url = "https://www.boe.es/eli/es/l/2020/12/30/11/dof/spa/pdf",
    year = "2020",
    month = "12",
    addendum = "Último acceso: 08/02/2021."
}


@online{gke,
    title = "Google Kubernetes Engine (GKE)",
    author = "Google Cloud",
    url = "https://cloud.google.com/kubernetes-engine",
    year = "2021",
    month = "01",
    addendum = "Último acceso: 08/02/2021."
}


@online{gplv3,
    title = "GNU General Public License v3.0",
    author = "The GNU Operating System and the Free Software Movement",
    url = "https://www.gnu.org/licenses/gpl-3.0.en.html",
    year = "2007",
    month = "06",
    addendum = "Último acceso: 09/02/2021."
}


@online{gfdl,
    title = "GNU Free Documentation License",
    author = "The GNU Operating System and the Free Software Movement",
    url = "https://www.gnu.org/licenses/fdl-1.3.html",
    year = "2008",
    month = "11",
    addendum = "Último acceso: 09/02/2021."
}

